<?xml version="1.0" encoding="UTF-8"?>
  <record xmlns="http://www.loc.gov/MARC21/slim" type="Authority">
    <leader>00000nz  a2200000nc 4500</leader>
    <controlfield tag="001">120812959</controlfield>
    <controlfield tag="003">DE-101</controlfield>
    <controlfield tag="005">20210420095530.0</controlfield>
    <controlfield tag="008">990203n||azznnaabn           | aaa    |c</controlfield>
    <datafield tag="024" ind1="7" ind2=" ">
      <subfield code="a">120812959</subfield>
      <subfield code="0">http://d-nb.info/gnd/120812959</subfield>
      <subfield code="2">gnd</subfield>
    </datafield>
    <datafield tag="035" ind1=" " ind2=" ">
      <subfield code="a">(DE-101)120812959</subfield>
    </datafield>
    <datafield tag="035" ind1=" " ind2=" ">
      <subfield code="a">(DE-588)120812959</subfield>
    </datafield>
    <datafield tag="035" ind1=" " ind2=" ">
      <subfield code="z">(DE-588)1089324979</subfield>
    </datafield>
    <datafield tag="035" ind1=" " ind2=" ">
      <subfield code="z">(DE-588a)120812959</subfield>
      <subfield code="9">v:zg</subfield>
    </datafield>
    <datafield tag="040" ind1=" " ind2=" ">
      <subfield code="a">DE-12</subfield>
      <subfield code="c">DE-12</subfield>
      <subfield code="9">r:DE-12</subfield>
      <subfield code="b">ger</subfield>
      <subfield code="d">0015</subfield>
    </datafield>
    <datafield tag="042" ind1=" " ind2=" ">
      <subfield code="a">gnd1</subfield>
    </datafield>
    <datafield tag="043" ind1=" " ind2=" ">
      <subfield code="c">XA-DE</subfield>
      <subfield code="c">XA-PL</subfield>
    </datafield>
    <datafield tag="065" ind1=" " ind2=" ">
      <subfield code="a">16.5p</subfield>
      <subfield code="2">sswd</subfield>
    </datafield>
    <datafield tag="075" ind1=" " ind2=" ">
      <subfield code="b">p</subfield>
      <subfield code="2">gndgen</subfield>
    </datafield>
    <datafield tag="075" ind1=" " ind2=" ">
      <subfield code="b">piz</subfield>
      <subfield code="2">gndspec</subfield>
    </datafield>
    <datafield tag="079" ind1=" " ind2=" ">
      <subfield code="a">g</subfield>
      <subfield code="q">a</subfield>
      <subfield code="q">f</subfield>
      <subfield code="q">s</subfield>
      <subfield code="u">v</subfield>
    </datafield>
    <datafield tag="100" ind1="0" ind2=" ">
      <subfield code="a">Christian</subfield>
      <subfield code="c">Schlesien-Liegnitz-Brieg, Herzog, 1618-1672</subfield>
      <subfield code="d">1618-1672</subfield>
    </datafield>
    <datafield tag="375" ind1=" " ind2=" ">
      <subfield code="a">1</subfield>
      <subfield code="2">iso5218</subfield>
    </datafield>
    <datafield tag="400" ind1="0" ind2=" ">
      <subfield code="a">Christianus</subfield>
      <subfield code="c">Schlesien-Liegnitz-Brieg, Herzog, 1618-1672</subfield>
      <subfield code="d">1618-1672</subfield>
    </datafield>
    <datafield tag="400" ind1="0" ind2=" ">
      <subfield code="a">Christian</subfield>
      <subfield code="c">Liegnitz-Brieg, Herzog</subfield>
      <subfield code="d">1618-1672</subfield>
    </datafield>
    <datafield tag="400" ind1="0" ind2=" ">
      <subfield code="a">Christian</subfield>
      <subfield code="c">Liegnitz, Herzog</subfield>
      <subfield code="d">1618-1672</subfield>
    </datafield>
    <datafield tag="400" ind1="0" ind2=" ">
      <subfield code="a">Christian</subfield>
      <subfield code="c">Brieg, Herzog</subfield>
      <subfield code="d">1618-1672</subfield>
    </datafield>
    <datafield tag="400" ind1="0" ind2=" ">
      <subfield code="a">Christian</subfield>
      <subfield code="c">Schlesien-Liegnitz-Brieg, Herzog</subfield>
      <subfield code="d">1618-1672</subfield>
    </datafield>
    <datafield tag="400" ind1="0" ind2=" ">
      <subfield code="a">Christian</subfield>
      <subfield code="c">Lignitz-Brieg, Herzog</subfield>
      <subfield code="d">1618-1672</subfield>
    </datafield>
    <datafield tag="400" ind1="0" ind2=" ">
      <subfield code="a">Christian</subfield>
      <subfield code="c">Lignitz, Herzog</subfield>
      <subfield code="d">1618-1672</subfield>
    </datafield>
    <datafield tag="400" ind1="0" ind2=" ">
      <subfield code="a">Christian</subfield>
      <subfield code="c">Schlesien-Lignitz-Brieg, Herzog</subfield>
      <subfield code="d">1618-1672</subfield>
    </datafield>
    <datafield tag="400" ind1="1" ind2=" ">
      <subfield code="a">Chrystian, Legnicki</subfield>
      <subfield code="d">1618-1672</subfield>
    </datafield>
    <datafield tag="400" ind1="0" ind2=" ">
      <subfield code="a">Christian</subfield>
      <subfield code="c">von Wohlau</subfield>
      <subfield code="d">1618-1672</subfield>
    </datafield>
    <datafield tag="400" ind1="1" ind2=" ">
      <subfield code="a">Břežsko-Lehnický, Kristián</subfield>
      <subfield code="d">1618-1672</subfield>
    </datafield>
    <datafield tag="400" ind1="1" ind2=" ">
      <subfield code="a">Brezsko-Lehnicky, Kristian</subfield>
      <subfield code="d">1618-1672</subfield>
    </datafield>
    <datafield tag="500" ind1="0" ind2=" ">
      <subfield code="0">(DE-101)104207213</subfield>
      <subfield code="0">(DE-588)104207213</subfield>
      <subfield code="0">https://d-nb.info/gnd/104207213</subfield>
      <subfield code="a">Luise</subfield>
      <subfield code="c">Schlesien-Liegnitz-Brieg, Herzogin</subfield>
      <subfield code="d">1657-1660</subfield>
      <subfield code="4">bezf</subfield>
      <subfield code="4">https://d-nb.info/standards/elementset/gnd#familialRelationship</subfield>
      <subfield code="w">r</subfield>
      <subfield code="i">Beziehung familiaer</subfield>
      <subfield code="e">Beziehung familiaer</subfield>
      <subfield code="9">v:Tochter</subfield>
    </datafield>
    <datafield tag="500" ind1="0" ind2=" ">
      <subfield code="0">(DE-101)128554665</subfield>
      <subfield code="0">(DE-588)128554665</subfield>
      <subfield code="0">https://d-nb.info/gnd/128554665</subfield>
      <subfield code="a">Luise</subfield>
      <subfield code="c">Schlesien-Liegnitz-Brieg, Herzogin</subfield>
      <subfield code="d">1631-1680</subfield>
      <subfield code="4">bezf</subfield>
      <subfield code="4">https://d-nb.info/standards/elementset/gnd#familialRelationship</subfield>
      <subfield code="w">r</subfield>
      <subfield code="i">Beziehung familiaer</subfield>
      <subfield code="e">Beziehung familiaer</subfield>
      <subfield code="9">v:Ehefrau</subfield>
    </datafield>
    <datafield tag="500" ind1="0" ind2=" ">
      <subfield code="0">(DE-101)115395792</subfield>
      <subfield code="0">(DE-588)115395792</subfield>
      <subfield code="0">https://d-nb.info/gnd/115395792</subfield>
      <subfield code="a">Georg Wilhelm</subfield>
      <subfield code="c">Liegnitz-Brieg-Wohlau, Herzog</subfield>
      <subfield code="d">1660-1675</subfield>
      <subfield code="4">bezf</subfield>
      <subfield code="4">https://d-nb.info/standards/elementset/gnd#familialRelationship</subfield>
      <subfield code="w">r</subfield>
      <subfield code="i">Beziehung familiaer</subfield>
      <subfield code="e">Beziehung familiaer</subfield>
      <subfield code="9">v:Sohn</subfield>
    </datafield>
    <datafield tag="548" ind1=" " ind2=" ">
      <subfield code="a">1618-1672</subfield>
      <subfield code="4">datl</subfield>
      <subfield code="4">https://d-nb.info/standards/elementset/gnd#dateOfBirthAndDeath</subfield>
      <subfield code="w">r</subfield>
      <subfield code="i">Lebensdaten</subfield>
    </datafield>
    <datafield tag="548" ind1=" " ind2=" ">
      <subfield code="a">19.04.1618-28.02.1672</subfield>
      <subfield code="4">datx</subfield>
      <subfield code="4">https://d-nb.info/standards/elementset/gnd#dateOfBirthAndDeath</subfield>
      <subfield code="w">r</subfield>
      <subfield code="i">Exakte Lebensdaten</subfield>
    </datafield>
    <datafield tag="550" ind1=" " ind2=" ">
      <subfield code="0">(DE-101)041596765</subfield>
      <subfield code="0">(DE-588)4159676-6</subfield>
      <subfield code="0">https://d-nb.info/gnd/4159676-6</subfield>
      <subfield code="a">Herzog</subfield>
      <subfield code="4">adel</subfield>
      <subfield code="4">https://d-nb.info/standards/elementset/gnd#titleOfNobility</subfield>
      <subfield code="w">r</subfield>
      <subfield code="i">Adelstitel</subfield>
    </datafield>
    <datafield tag="550" ind1=" " ind2=" ">
      <subfield code="0">(DE-101)040004643</subfield>
      <subfield code="0">(DE-588)4000464-8</subfield>
      <subfield code="0">https://d-nb.info/gnd/4000464-8</subfield>
      <subfield code="a">Adel</subfield>
      <subfield code="4">obin</subfield>
      <subfield code="4">https://d-nb.info/standards/elementset/gnd#broaderTermInstantial</subfield>
      <subfield code="w">r</subfield>
      <subfield code="i">Oberbegriff instantiell</subfield>
    </datafield>
    <datafield tag="551" ind1=" " ind2=" ">
      <subfield code="0">(DE-101)945319770</subfield>
      <subfield code="0">(DE-588)4384267-7</subfield>
      <subfield code="0">https://d-nb.info/gnd/4384267-7</subfield>
      <subfield code="a">Ohlau</subfield>
      <subfield code="4">orts</subfield>
      <subfield code="4">https://d-nb.info/standards/elementset/gnd#placeOfDeath</subfield>
      <subfield code="w">r</subfield>
      <subfield code="i">Sterbeort</subfield>
    </datafield>
    <datafield tag="551" ind1=" " ind2=" ">
      <subfield code="0">(DE-101)040356833</subfield>
      <subfield code="0">(DE-588)4035683-8</subfield>
      <subfield code="0">https://d-nb.info/gnd/4035683-8</subfield>
      <subfield code="a">Liegnitz</subfield>
      <subfield code="4">orts</subfield>
      <subfield code="4">https://d-nb.info/standards/elementset/gnd#placeOfDeath</subfield>
      <subfield code="w">r</subfield>
      <subfield code="i">Sterbeort</subfield>
    </datafield>
    <datafield tag="667" ind1=" " ind2=" ">
      <subfield code="a">VD-17</subfield>
    </datafield>
    <datafield tag="670" ind1=" " ind2=" ">
      <subfield code="a">Wikipedia</subfield>
      <subfield code="b">Stand: 11.11.2020</subfield>
      <subfield code="u">https://de.wikipedia.org/wiki/Christian_(Liegnitz-Brieg)</subfield>
    </datafield>
    <datafield tag="672" ind1=" " ind2="0">
      <subfield code="a">Wspólne mennictwo trzech braci 1651-1662</subfield>
      <subfield code="b">"Od Firtla do wielodukata - miedziana, srebrna i złota moneta wspólnego mennictwa Jerzego III., Ludwika IV. i Chrystiana"</subfield>
      <subfield code="f">2019</subfield>
    </datafield>
    <datafield tag="678" ind1=" " ind2=" ">
      <subfield code="b">1639 bis 1653 gemeinsam mit seinen Brüdern Georg III. und Ludwig IV. Herzog von Brieg, ab 1653 alleiniger Herzog von Wohlau und Ohlau und nach dem Tod seiner Brüder ab 1664 alleiniger Herrscher von Liegnitz, Brieg, Wohlau und Ohlau.</subfield>
    </datafield>
    <datafield tag="913" ind1=" " ind2=" ">
      <subfield code="S">pnd</subfield>
      <subfield code="i">5</subfield>
      <subfield code="a">Christian &lt;Schlesien-Liegnitz-Brieg, Herzog, 1618-1672&gt;</subfield>
      <subfield code="0">(DE-588a)120812959</subfield>
    </datafield>
  </record>
